<record><leader>00000cas a22000007a 4500</leader><controlfield tag="001">15139751</controlfield><controlfield tag="008">870202d18uu1uuutxuwr ne      0    0eng d</controlfield><datafield ind1=" " ind2=" " tag="010"><subfield code="a">sn 86090658 </subfield></datafield><datafield ind1=" " ind2=" " tag="040"><subfield code="a">PPM</subfield><subfield code="b">eng</subfield><subfield code="c">PPM</subfield><subfield code="d">OCLCQ</subfield></datafield><datafield ind1=" " ind2=" " tag="042"><subfield code="a">msc</subfield></datafield><datafield ind1="0" ind2="4" tag="245"><subfield code="a">The Pantagraph.</subfield></datafield><datafield ind1=" " ind2=" " tag="260"><subfield code="a">Big Spring, Tex. :</subfield><subfield code="b">C.N. Harris</subfield></datafield><datafield ind1=" " ind2=" " tag="310"><subfield code="a">Weekly</subfield></datafield><datafield ind1=" " ind2=" " tag="588"><subfield code="a">Description based on: Vol. 15, no. 35 (Sept. 4, 1896).</subfield></datafield><datafield ind1=" " ind2=" " tag="752"><subfield code="a">United States</subfield><subfield code="b">Texas</subfield><subfield code="c">Howard</subfield><subfield code="d">Big Spring.</subfield></datafield><datafield ind1="0" ind2="0" tag="780"><subfield code="t">Big Spring pantagraph</subfield></datafield></record>